<record><leader>00000cas a22000007a 4500</leader><controlfield tag="001">16836686</controlfield><controlfield tag="008">871009d19771982inuwr ne      0    0eng d</controlfield><datafield ind1=" " ind2=" " tag="010"><subfield code="a">sn 87056188 </subfield></datafield><datafield ind1=" " ind2=" " tag="040"><subfield code="a">NPI</subfield><subfield code="b">eng</subfield><subfield code="c">NPI</subfield><subfield code="d">OCLCQ</subfield></datafield><datafield ind1=" " ind2=" " tag="042"><subfield code="a">msc</subfield></datafield><datafield ind1="0" ind2="4" tag="245"><subfield code="a">The Argos tribune.</subfield></datafield><datafield ind1=" " ind2=" " tag="260"><subfield code="a">Argos, Ind. :</subfield><subfield code="b">David Tranter,</subfield><subfield code="c">1977-1982.</subfield></datafield><datafield ind1=" " ind2=" " tag="310"><subfield code="a">Weekly</subfield></datafield><datafield ind1="0" ind2=" " tag="362"><subfield code="a">Vol. 1, no. 1 (Aug. 18, 1977)-v. 6, no. 20 (Dec. 29, 1982).</subfield></datafield><datafield ind1=" " ind2=" " tag="500"><subfield code="a">The Culver citizen and Argos tribune contain the same contents with completely separate front pages, Mar. 2, 1978-&lt;&gt;.</subfield></datafield><datafield ind1=" " ind2=" " tag="752"><subfield code="a">United States</subfield><subfield code="b">Indiana</subfield><subfield code="c">Marshall</subfield><subfield code="d">Argos.</subfield></datafield><datafield ind1="0" ind2="4" tag="785"><subfield code="t">Culver citizen</subfield><subfield code="w">(DLC)sn 87056234</subfield></datafield></record>